<collection xmlns="http://www.loc.gov/MARC21/slim">
<record>
  <leader>01802nam0a2200325 i 450 </leader>
  <controlfield tag="001">IT\ICCU\CNCE\000464</controlfield>
  <controlfield tag="005">20101004000000.0</controlfield>
  <datafield tag="012" ind1=" " ind2=" ">
    <subfield code="a">m.s. l-de reis s.s. (S) 1580 (Q)</subfield>
    <subfield code="2">fei</subfield>
  </datafield>
  <datafield tag="100" ind1=" " ind2=" ">
    <subfield code="a">19970101f1580        0itac0103    ba</subfield>
  </datafield>
  <datafield tag="101" ind1=" " ind2=" ">
    <subfield code="a">LAT</subfield>
  </datafield>
  <datafield tag="102" ind1=" " ind2=" ">
    <subfield code="a">IT</subfield>
  </datafield>
  <datafield tag="200" ind1="1" ind2=" ">
    <subfield code="a">℗Litterae s.d.n.d. Gregorii papae XIII ℗Exemptionis monialium a fratribus eremitarum sancti Augustini Congregationis Lombardiae, et subiectionis illarum ordinarijs locorum</subfield>
  </datafield>
  <datafield tag="210" ind1=" " ind2=" ">
    <subfield code="d">\1580?!</subfield>
  </datafield>
  <datafield tag="215" ind1=" " ind2=" ">
    <subfield code="a">1 manifesto</subfield>
    <subfield code="d">atl</subfield>
  </datafield>
  <datafield tag="300" ind1=" " ind2=" ">
    <subfield code="a">Data di emanazione: Roma, 1 marzo 1580 (nel testo 1579, secondo lo stile dell&apos;incarnazione al modo fiorentino). -  Stampato a Roma dagli eredi di Antonio Blado, cfr. Catalogo delle edizioni romane di Antonio Blado asolano ed eredi, n. 754</subfield>
  </datafield>
  <datafield tag="620" ind1=" " ind2=" ">
    <subfield code="a">IT</subfield>
    <subfield code="d">Roma</subfield>
  </datafield>
  <datafield tag="710" ind1="0" ind2="2">
    <subfield code="a">Agostiniani</subfield>
    <subfield code="3">IT\ICCU\CNCT\000487</subfield>
  </datafield>
  <datafield tag="702" ind1=" " ind2="0">
    <subfield code="a">Gregorius</subfield>
    <subfield code="c"> &lt;papa</subfield>
    <subfield code="c"> ; 13.&gt;</subfield>
    <subfield code="3">IT\ICCU\CNCA\000020</subfield>
  </datafield>
  <datafield tag="712" ind1="0" ind2="0">
    <subfield code="a">Blado, Antonio - eredi</subfield>
    <subfield code="3">IT\ICCU\CNCT\000148</subfield>
    <subfield code="4">650</subfield>
  </datafield>
  <datafield tag="791" ind1="0" ind2="2">
    <subfield code="a">Ordo fratrum eremitarum sancti Augustini</subfield>
    <subfield code="3">15384</subfield>
    <subfield code="z">Agostiniani</subfield>
  </datafield>
  <datafield tag="791" ind1="0" ind2="2">
    <subfield code="a">Congregazione del beato Francesco di Zompano dell&apos;Ordine eremitano di S. Agostino in Calabria</subfield>
    <subfield code="3">15498</subfield>
    <subfield code="z">Agostiniani</subfield>
  </datafield>
  <datafield tag="791" ind1="0" ind2="2">
    <subfield code="a">Congregatio divi Ioannis ad Carbonetum</subfield>
    <subfield code="3">15555</subfield>
    <subfield code="z">Agostiniani</subfield>
  </datafield>
  <datafield tag="791" ind1="0" ind2="2">
    <subfield code="a">Congregatio Heremitarum Regni Siciliae</subfield>
    <subfield code="3">15557</subfield>
    <subfield code="z">Agostiniani</subfield>
  </datafield>
  <datafield tag="791" ind1="0" ind2="2">
    <subfield code="a">Congregatio observantiae Lombardiae Ordinis Fratrum Eremitarum S. Augustini</subfield>
    <subfield code="3">15561</subfield>
    <subfield code="z">Agostiniani</subfield>
  </datafield>
  <datafield tag="791" ind1="0" ind2="2">
    <subfield code="a">Congregatio S. Mariae de Consolatione</subfield>
    <subfield code="3">15562</subfield>
    <subfield code="z">Agostiniani</subfield>
  </datafield>
  <datafield tag="791" ind1="0" ind2="2">
    <subfield code="a">Congregazione di S. Giovanni a Carbonara</subfield>
    <subfield code="3">28561</subfield>
    <subfield code="z">Agostiniani</subfield>
  </datafield>
  <datafield tag="790" ind1=" " ind2="1">
    <subfield code="a">Buoncompagni,</subfield>
    <subfield code="b">Ugo</subfield>
    <subfield code="3">IT\ICCU\CNCA\008198</subfield>
    <subfield code="z">Gregorius &lt;papa ; 13.&gt;</subfield>
  </datafield>
  <datafield tag="801" ind1=" " ind2="3">
    <subfield code="a">IT</subfield>
    <subfield code="b">ICCU</subfield>
    <subfield code="c">20201113</subfield>
  </datafield>
  <datafield tag="899" ind1=" " ind2=" ">
    <subfield code="a">Biblioteca nazionale centrale. Roma</subfield>
    <subfield code="1">RM0267</subfield>
    <subfield code="2">BVE CR</subfield>
  </datafield>
  <datafield tag="899" ind1=" " ind2=" ">
    <subfield code="a">Biblioteca Casanatense. Roma</subfield>
    <subfield code="1">RM0313</subfield>
    <subfield code="2">RML 07</subfield>
  </datafield>
</record>
</collection>
